<?xml version='1.0' encoding='utf-8'?>
<record xmlns="http://www.loc.gov/MARC21/slim" xmlns:xsi="http://www.w3.org/2001/XMLSchema-instance">
  <leader>^^^^^nam^a2200385^a^4500</leader>
  <controlfield tag="001">003615768</controlfield>
  <controlfield tag="005">20020624000000.0</controlfield>
  <controlfield tag="006">m^^^^^^^^e^f^^^^^^</controlfield>
  <controlfield tag="007">co^cg-^^^^^^^^</controlfield>
  <controlfield tag="008">020624s2001^^^^dcu^^^^^sb^^^f000^0^eng^d</controlfield>
  <datafield tag="035" ind1=" " ind2=" ">
    <subfield code="a">(OCoLC)ocm48886592</subfield>
  </datafield>
  <datafield tag="040" ind1=" " ind2=" ">
    <subfield code="a">NAR</subfield>
    <subfield code="c">NAR</subfield>
    <subfield code="d">OCLCQ</subfield>
    <subfield code="d">BEU</subfield>
  </datafield>
  <datafield tag="074" ind1=" " ind2=" ">
    <subfield code="a">0569-I</subfield>
  </datafield>
  <datafield tag="086" ind1="0" ind2=" ">
    <subfield code="a">AE 1.127:N 23/cd</subfield>
  </datafield>
  <datafield tag="090" ind1=" " ind2=" ">
    <subfield code="a">D810.C8</subfield>
    <subfield code="b">G753 2001</subfield>
  </datafield>
  <datafield tag="100" ind1="1" ind2=" ">
    <subfield code="a">Grimsted, Patricia Kennedy.</subfield>
  </datafield>
  <datafield tag="245" ind1="1" ind2="0">
    <subfield code="a">U.S. restitution of Nazi-looted cultural treasures to the USSR, 1945-1959</subfield>
    <subfield code="h">[electronic resource] :</subfield>
    <subfield code="b">facsimile documents from the National Archives of the United States /</subfield>
    <subfield code="c">compiled with an introduction by Patricia Kennedy Grimsted.</subfield>
  </datafield>
  <datafield tag="260" ind1=" " ind2=" ">
    <subfield code="a">Washington, D.C. :</subfield>
    <subfield code="b">National Archives and Records Administration,</subfield>
    <subfield code="c">2001.</subfield>
  </datafield>
  <datafield tag="300" ind1=" " ind2=" ">
    <subfield code="a">1 computer optical disk ;</subfield>
    <subfield code="c">4 3/4 in.</subfield>
  </datafield>
  <datafield tag="538" ind1=" " ind2=" ">
    <subfield code="a">System requirements: Windows: Pentium class processor, microsoft Windows 95 OSR 2.0, Windows 98, 2nd ed., Windows millenium ed., Windows NT 4.0 with service pack 5 or 6 (service pack 6 recommended), or Windows 2000; 16 MB of RAM (32 recommended), 15 MB 0f available hard-disk space; Macintosh: PowerPC processor; Mac OS software version 8.6, 9.0.4, 9.1, or OS X; 64 MB pf RAM; 24 MB of available hard-disk space.</subfield>
  </datafield>
  <datafield tag="500" ind1=" " ind2=" ">
    <subfield code="a">Title from title screen.</subfield>
  </datafield>
  <datafield tag="500" ind1=" " ind2=" ">
    <subfield code="a">"Prepared in collaboration with the National Archives of the United States"--Introductory screen.</subfield>
  </datafield>
  <datafield tag="520" ind1=" " ind2=" ">
    <subfield code="a">A compilation of documents establishing the transfer of art works, archives, and other cultural artifacts seized by the Nazis during World War II and returned by the United States to the Soviet Union in the years 1945-1959. Also included are black and white photographs and a discussion of the issues of American restitution of cultural artifacts and the demands of other European countries for the restitution of cultural artifacts from the Russian Federation which had been held by the Soviet Union.</subfield>
  </datafield>
  <datafield tag="504" ind1=" " ind2=" ">
    <subfield code="a">Includes bibliographical references.</subfield>
  </datafield>
  <datafield tag="505" ind1="2" ind2=" ">
    <subfield code="a">Foreword / Michael J. Kurtz -- Documenting U.S. cultural restitution to the USSR, 1945-1959 / Patricia Kennedy Grimsted -- Facsimile documents -- Nineteen U.S. restitution transfers to the USSR -- Related documents.</subfield>
  </datafield>
  <datafield tag="500" ind1=" " ind2=" ">
    <subfield code="a">Shipping list no.: 2002-0014-E.</subfield>
  </datafield>
  <datafield tag="650" ind1=" " ind2="0">
    <subfield code="a">World War, 1939-1945</subfield>
    <subfield code="x">Confiscations and contributions.</subfield>
  </datafield>
  <datafield tag="650" ind1=" " ind2="0">
    <subfield code="a">Cultural property</subfield>
    <subfield code="x">Repatriation</subfield>
    <subfield code="z">Soviet Union.</subfield>
  </datafield>
  <datafield tag="650" ind1=" " ind2="0">
    <subfield code="a">Restitution and indemnification claims (1933- )</subfield>
  </datafield>
  <datafield tag="655" ind1=" " ind2="7">
    <subfield code="a">CD-ROMs.</subfield>
    <subfield code="2">aat</subfield>
  </datafield>
  <datafield tag="710" ind1="1" ind2=" ">
    <subfield code="a">United States.</subfield>
    <subfield code="b">National Archives and Records Administration.</subfield>
  </datafield>
  <datafield tag="740" ind1="0" ind2="2">
    <subfield code="a">Documenting U.S. cultural restitution to the USSR, 1945-1959.</subfield>
  </datafield>
  <datafield tag="852" ind1="8" ind2=" ">
    <subfield code="a">MiU-H</subfield>
    <subfield code="b">BENT</subfield>
    <subfield code="h">0298 Aa 2</subfield>
  </datafield>
  <datafield tag="998" ind1=" " ind2=" ">
    <subfield code="c">LAC</subfield>
  </datafield>
  <datafield tag="955" ind1=" " ind2=" ">
    <subfield code="b">BENT</subfield>
    <subfield code="p">B1456759</subfield>
  </datafield>
</record>
